@article{sandryhaila2014big,
	title={Big data analysis with signal processing on graphs: Representation and processing of massive data sets with irregular structure},
	author={Sandryhaila, Aliaksei and Moura, Jose MF},
	journal={IEEE signal processing magazine},
	volume={31},
	number={5},
	pages={80--90},
	year={2014},
	publisher={IEEE}
}

@article{sandryhaila2013discrete,
	title={Discrete signal processing on graphs},
	author={Sandryhaila, Aliaksei and Moura, Jos{\'e} MF},
	journal={IEEE transactions on signal processing},
	volume={61},
	number={7},
	pages={1644--1656},
	year={2013},
	publisher={IEEE}
}

@article{ortega2018graph,
	title={Graph signal processing: Overview, challenges, and applications},
	author={Ortega, Antonio and Frossard, Pascal and Kova{\v{c}}evi{\'c}, Jelena and Moura, Jos{\'e} MF and Vandergheynst, Pierre},
	journal={Proceedings of the IEEE},
	volume={106},
	number={5},
	pages={808--828},
	year={2018},
	publisher={IEEE}
}

@article{shuman2020localized,
	title={Localized spectral graph filter frames: A unifying framework, survey of design considerations, and numerical comparison},
	author={Shuman, David I},
	journal={IEEE Signal Processing Magazine},
	volume={37},
	number={6},
	pages={43--63},
	year={2020},
	publisher={IEEE}
}

@article{shuman2013emmerging,
	title={The Emmerging Field of Signal Processing on Graphs},
	author={Shuman, D and Narang, S and Frossard, Pascal and Ortega, Antonio and Vanderghenyst, P},
	journal={IEEE Signal Proc. Magazine},
	year={2013},
	publisher={Citeseer}
}

@article{sandryhaila2014discrete,
	title={Discrete signal processing on graphs: Frequency analysis},
	author={Sandryhaila, Aliaksei and Moura, Jose MF},
	journal={IEEE Transactions on signal processing},
	volume={62},
	number={12},
	pages={3042--3054},
	year={2014},
	publisher={IEEE}
}

@article{rubinstein2010dictionaries,
	title={Dictionaries for sparse representation modeling},
	author={Rubinstein, Ron and Bruckstein, Alfred M and Elad, Michael},
	journal={Proceedings of the IEEE},
	volume={98},
	number={6},
	pages={1045--1057},
	year={2010},
	publisher={IEEE}
}

@article{yan2021dowed,
	title={Windowed fractional Fourier transform on graphs: Properties and fast algorithm},
	author={Yan, Fang Jia and Li, Bing Zhao},
	journal={Digital Signal Processing},
	volume={118},
	pages={103210},
	year={2021},
	publisher={Elsevier}
}


@article{pei2002,
	title={Eigenfunctions of linear canonical transform},
	author={Pei, Soo Chang and Ding, Jian Jiun},
	journal={IEEE Transactions on Signal Processing},
	volume={50},
	number={1},
	pages={11-26},
	year={2002},
	publisher={IEEE}
}

@book{Healy2016,
	title={Linear canonical transforms: Theory and applications},
	author={Healy, John J and Kutay, M Alper and Ozaktas, Haldun M and Sheridan, John T},
	volume={198},
	year={2016},
	publisher={Springer}
}

@article{Pei2001,
	title={Relations between fractional operations and time-frequency distributions, and their applications},
	author={Pei, Soo Chang and Ding, Jian Jiun},
	journal={IEEE Transactions on Signal Processing},
	volume={49},
	number={8},
	pages={1638--1655},
	year={2001},
	publisher={IEEE}
}

@inproceedings{wang2017fractional,
	title={The fractional Fourier transform on graphs},
	author={Wang, Yi Qian and Li, Bing Zhao and Cheng, Qi Yuan},
	booktitle={2017 Asia-Pacific Signal and Information Processing Association Annual Summit and Conference (APSIPA ASC)},
	pages={105--110},
	year={2017},
	organization={IEEE}
}

@article{zhang2023discrete,
	title={Discrete linear canonical transform on graphs},
	author={Zhang, Yu and Li, Bing Zhao},
	journal={Digital Signal Processing},
	volume={135},
	pages={103934},
	year={2023},
	publisher={Elsevier}
}

@article{kou2012windowed,
	title={Windowed linear canonical transform and its applications},
	author={Kou, Kit Ian and Xu, Rui Hui},
	journal={Signal Processing},
	volume={92},
	number={1},
	pages={179--188},
	year={2012},
	publisher={Elsevier}
}

@article{stankovic2017vertex,
	title={Vertex-frequency analysis: A way to localize graph spectral components [lecture notes]},
	author={Stankovi{\'c}, Ljubi{\v{s}}a and Dakovi{\'c}, Milo{\v{s}} and Sejdi{\'c}, Ervin},
	journal={IEEE Signal Processing Magazine},
	volume={34},
	number={4},
	pages={176--182},
	year={2017},
	publisher={IEEE}
}

@article{stankovic2020vertex,
	title={Vertex-frequency graph signal processing: A comprehensive review},
	author={Stankovi{\'c}, Ljubi{\v{s}}a and Mandic, Danilo and Dakovi{\'c}, Milo{\v{s}} and Scalzo, Bruno and Brajovi{\'c}, Milo{\v{s}} and Sejdi{\'c}, Ervin and Constantinides, Anthony G},
	journal={Digital signal processing},
	volume={107},
	pages={102802},
	year={2020},
	publisher={Elsevier}
}


@article{wei2014generalized,
	title={Generalized wavelet transform based on the convolution operator in the linear canonical transform domain},
	author={Wei, De Yun and Li, Yuan Min},
	journal={Optik},
	volume={125},
	number={16},
	pages={4491--4496},
	year={2014},
	publisher={Elsevier}
}

@article{wei2022linear,
	title={Linear canonical stockwell transform: theory and applications},
	author={Wei, De Yun and Zhang, Yi Jie and Li, Yuan Min},
	journal={IEEE Transactions on Signal Processing},
	volume={70},
	pages={1333--1347},
	year={2022},
	publisher={IEEE}
}

@inproceedings{shuman2012windowed,
	title={A windowed graph Fourier transform},
	author={Shuman, David I and Ricaud, Benjamin and Vandergheynst, Pierre},
	booktitle={2012 IEEE Statistical Signal Processing Workshop (SSP)},
	pages={133--136},
	year={2012},
	organization={Ieee}
}

@article{shuman2016vertex,
	title={Vertex-frequency analysis on graphs},
	author={Shuman, David I and Ricaud, Benjamin and Vandergheynst, Pierre},
	journal={Applied and Computational Harmonic Analysis},
	volume={40},
	number={2},
	pages={260--291},
	year={2016},
	publisher={Elsevier}
}

@book{stankovic2019vertex,
	title={Vertex-frequency analysis of graph signals},
	author={Stankovi{\'c}, Ljubi{\v{s}}a and Sejdi{\'c}, Ervin},
	year={2019},
	publisher={Springer}
}

@article{stockwell1996localization,
	title={Localization of the complex spectrum: the S transform},
	author={Stockwell, Robert Glenn and Mansinha, Lalu and Lowe, RP},
	journal={IEEE transactions on signal processing},
	volume={44},
	number={4},
	pages={998--1001},
	year={1996},
	publisher={IEEE}
}

@article{podder2014comparative,
	title={Comparative performance analysis of hamming, hanning and blackman window},
	author={Podder, Prajoy and Khan, Tanvir Zaman and Khan, Mamdudul Haque and Rahman, M Muktadir},
	journal={International Journal of Computer Applications},
	volume={96},
	number={18},
	pages={1--7},
	year={2014},
	publisher={Foundation of Computer Science}
}

@article{brown2009general,
	title={A general description of linear time-frequency transforms and formulation of a fast, invertible transform that samples the continuous S-transform spectrum nonredundantly},
	author={Brown, Robert A and Lauzon, M Louis and Frayne, Richard},
	journal={IEEE Transactions on Signal Processing},
	volume={58},
	number={1},
	pages={281--290},
	year={2009},
	publisher={IEEE}
}

@article{jestrovic2017fast,
	title={A fast algorithm for vertex-frequency representations of signals on graphs},
	author={Jestrovi{\'c}, Iva and Coyle, James L and Sejdi{\'c}, Ervin},
	journal={Signal processing},
	volume={131},
	pages={483--491},
	year={2017},
	publisher={Elsevier}
}


@inproceedings{leonardi2011wavelet,
	title={Wavelet frames on graphs defined by fMRI functional connectivity},
	author={Leonardi, Nora and Van De Ville, Dimitri},
	booktitle={2011 IEEE International Symposium on Biomedical Imaging: From Nano to Macro},
	pages={2136--2139},
	year={2011},
	organization={IEEE}
}


@article{bo2023survey,
	title={A survey on spectral graph neural networks},
	author={Bo, Deyu and Wang, Xiao and Liu, Yang and Fang, Yuan and Li, Yawen and Shi, Chuan},
	journal={arXiv preprint arXiv:2302.05631},
	year={2023}
}

@article{chen2020understanding,
	title={Understanding spectral graph neural network},
	author={Chen, Xinye},
	journal={arXiv preprint arXiv:2012.06660},
	year={2020}
}

@inproceedings{wang2022powerful,
	title={How powerful are spectral graph neural networks},
	author={Wang, Xiyuan and Zhang, Muhan},
	booktitle={International Conference on Machine Learning},
	pages={23341--23362},
	year={2022},
	organization={PMLR}
}

@article{ozturk2021optimal,
	title={Optimal fractional Fourier filtering for graph signals},
	author={Ozturk, Cuneyd and Ozaktas, Haldun M and Gezici, Sinan and Ko{\c{c}}, Aykut},
	journal={IEEE Transactions on Signal Processing},
	volume={69},
	pages={2902--2912},
	year={2021},
	publisher={IEEE}
}

@article{defferrard2016convolutional,
	title={Convolutional neural networks on graphs with fast localized spectral filtering},
	author={Defferrard, Micha{\"e}l and Bresson, Xavier and Vandergheynst, Pierre},
	journal={Advances in neural information processing systems},
	volume={29},
	year={2016}
}

@article{chien2020adaptive,
	title={Adaptive universal generalized pagerank graph neural network},
	author={Chien, Eli and Peng, Jianhao and Li, Pan and Milenkovic, Olgica},
	journal={arXiv preprint arXiv:2006.07988},
	year={2020}
}

@article{bruna2013spectral,
	title={Spectral networks and locally connected networks on graphs},
	author={Bruna, Joan and Zaremba, Wojciech and Szlam, Arthur and LeCun, Yann},
	journal={arXiv preprint arXiv:1312.6203},
	year={2013}
}

@article{liao2019lanczosnet,
	title={Lanczosnet: Multi-scale deep graph convolutional networks},
	author={Liao, Renjie and Zhao, Zhizhen and Urtasun, Raquel and Zemel, Richard S},
	journal={arXiv preprint arXiv:1901.01484},
	year={2019}
}

@article{wu2020fractional,
	title={Fractional spectral graph wavelets and their applications},
	author={Wu, Jiasong and Wu, Fuzhi and Yang, Qihan and Zhang, Yan and Liu, Xilin and Kong, Youyong and Senhadji, Lotfi and Shu, Huazhong},
	journal={Mathematical Problems in Engineering},
	volume={2020},
	pages={1--18},
	year={2020},
	publisher={Hindawi Limited}
}

@article{hammond2011wavelets,
	title={Wavelets on graphs via spectral graph theory},
	author={Hammond, David K and Vandergheynst, Pierre and Gribonval, R{\'e}mi},
	journal={Applied and Computational Harmonic Analysis},
	volume={30},
	number={2},
	pages={129--150},
	year={2011},
	publisher={Elsevier}
}

@article{pei2011discrete,
	title={Discrete linear canonical transforms based on dilated Hermite functions},
	author={Pei, Soo Chang and Lai, Yun Chiu},
	journal={JOSA A},
	volume={28},
	number={8},
	pages={1695--1708},
	year={2011},
	publisher={Optica Publishing Group}
}

@article{cumming2005digital,
	title={Digital processing of synthetic aperture radar data},
	author={Cumming, Ian G and Wong, Frank H},
	journal={Artech house},
	volume={1},
	number={3},
	pages={108--110},
	year={2005},
	publisher={Boston}
}