@article{chen2009,
  title     = {The discrete fractional Fourier transform: a new perspective},
  author    = {Chen, Wen and Xiang, Jian-wei},
  journal   = {Signal Processing},
  volume    = {89},
  number    = {10},
  pages     = {1984--1988},
  year      = {2009},
  publisher = {Elsevier},
}

@article{chi2022flashfft,
  title   = {FlashFFTConv: Efficient Convolutions for Long Sequences with Tensor Cores},
  author  = {Chi, Daniel Y. and Chen, C. and Song, S. and Shinnar, A. and Sch√§rli, N. and Zhou, Denny},
  journal = {arXiv preprint arXiv:2208.09952},
  year    = {2022},
}

@article{lee2021fnet,
  title   = {FNet: Mixing Tokens with Fourier Transforms},
  author  = {Lee-Thorp, James and Ainslie, Joshua and Eckstein, Immanuel and Ontanon, Santiago},
  journal = {arXiv preprint arXiv:2105.03824},
  year    = {2021},
}

@misc{nanogpt,
  title  = {NanoGPT},
  author = {Karpathy, Andrej},
  year   = {2023},
  note   = {\url{https://github.com/karpathy/nanogpt}},
}

@article{pei1997,
  title     = {Two-dimensional discrete fractional Fourier transform},
  author    = {Pei, Soo-Chang and Ding, Jian-Jiun},
  journal   = {IEEE Transactions on Signal Processing},
  volume    = {45},
  number    = {6},
  pages     = {1355--1370},
  year      = {1997},
  publisher = {IEEE},
} 